@article{alon1995123,
  title={The 123 theorem and its extensions},
  author={Alon, Noga and Yuster, Raphael},
  journal={Journal of Combinatorial Theory, Series A},
  volume={72},
  number={2},
  pages={322--331},
  year={1995},
  publisher={Elsevier}
}
@article{szekeres1965problem,
  title={On a problem of Sch{\"u}tte and Erd{\"o}s},
  author={Szekeres, Esther and Szekeres, George},
  journal={The Mathematical Gazette},
  pages={290--293},
  year={1965},
  publisher={JSTOR}
}
